<?xml version="1.0" encoding="UTF-8"?>
<collection xmlns="http://www.loc.gov/MARC21/slim"
            xmlns:xsi="http://www.w3.org/2001/XMLSchema-instance"
            xsi:schemaLocation="http://www.loc.gov/MARC21/slim http://www.loc.gov/standards/marcxml/schema/MARC21slim.xsd">
    <!-- Når du minst aner (bok) -->
    <record>
        <leader>03277cam a2200697 c 4500</leader>
        <controlfield tag="001">990403198734702202</controlfield>
        <controlfield tag="005">20230303093041.0</controlfield>
        <controlfield tag="007">ta</controlfield>
        <controlfield tag="008">150702s2004    no#|||||||||||000|1|nob| </controlfield>
        <datafield tag="020" ind1=" " ind2=" ">
            <subfield code="a">8292496025</subfield>
            <subfield code="q">h.</subfield>
            <subfield code="c">Nkr 99.00</subfield>
        </datafield>
        <datafield tag="130" ind1="0" ind2="0">
            <subfield code="a">Når du minst aner</subfield>
            <subfield code="k">Novellesamling</subfield>
            <subfield code="1">http://example.org/8292496025</subfield>
            <subfield code="8">0</subfield>
        </datafield>
        <datafield tag="245" ind1="0" ind2="0">
            <subfield code="a">Når du minst aner</subfield>
            <subfield code="c">redaktør: Ginni Schulstock Henriksen ; [Unni Lindell ... [et al.]]</subfield>
        </datafield>
        <datafield tag="250" ind1=" " ind2=" ">
            <subfield code="a">2. utg.</subfield>
        </datafield>
        <datafield tag="260" ind1=" " ind2=" ">
            <subfield code="a">[Kristiansund]</subfield>
            <subfield code="b">Kom forl.</subfield>
            <subfield code="c">2004</subfield>
        </datafield>
        <datafield tag="300" ind1=" " ind2=" ">
            <subfield code="a">125 s.</subfield>
        </datafield>
        <datafield tag="336" ind1=" " ind2=" ">
            <subfield code="a">tekst</subfield>
            <subfield code="0">http://rdaregistry.info/termList/RDAContentType/1020</subfield>
            <subfield code="2">rdaco</subfield>
        </datafield>
        <datafield tag="337" ind1=" " ind2=" ">
            <subfield code="a">uformidlet</subfield>
            <subfield code="0">http://rdaregistry.info/termList/RDAMediaType/1007</subfield>
            <subfield code="2">rdamt</subfield>
        </datafield>
        <datafield tag="338" ind1=" " ind2=" ">
            <subfield code="a">bind</subfield>
            <subfield code="0">http://rdaregistry.info/termList/RDACarrierType/1049</subfield>
            <subfield code="2">rdact</subfield>
        </datafield>
        <datafield tag="500" ind1=" " ind2=" ">
            <subfield code="a">1. utg. 1998</subfield>
        </datafield>
        <datafield tag="500" ind1=" " ind2=" ">
            <subfield code="a">På omslaget: 13 krimnoveller</subfield>
        </datafield>
        <datafield tag="505" ind1=" " ind2=" ">
            <subfield code="a"> 
                Den fjerde dødssynd / Ingebjørg S. Folegrød --
                Det farlige yrket / Lawrence Block -- 
                En pistol fra eller til / Anne B. Ragde -- 
                I det blå lyset / Karin Fossum -- 
                Liket på loftet / Gunnar Staalesen -- 
                Mannen fra i morgen / Tor Åge Bringsværd -- 
                Mannen i telefonen / Tor Edvin Dahl -- 
                Når du minst aner / Lijane Rodar -- 
                Sjokk for lekto Lien / Richard Macker -- 
                To alen av samme stykke / Fredrik Skagen -- 
                Tranene / Mona Lyngar -- 
                Vinduet tvers over gaten / Unni Lindell -- 
                Vinneren / Kim Småge</subfield>
        </datafield>
        <datafield tag="533" ind1=" " ind2=" ">
            <subfield code="a">Elektronisk reproduksjon</subfield>
            <subfield code="b">[Norge]</subfield>
            <subfield code="c">Nasjonalbiblioteket Digital</subfield>
            <subfield code="d">2016-08-17</subfield>
        </datafield>
        <datafield tag="653" ind1=" " ind2=" ">
            <subfield code="a">norsk</subfield>
            <subfield code="a">litteratur</subfield>
            <subfield code="a">antologier</subfield>
            <subfield code="a">noveller</subfield>
            <subfield code="a">kriminallitteratur</subfield>
        </datafield>
        <datafield tag="700" ind1="1" ind2=" ">
            <subfield code="a">Block, Lawrence</subfield>
            <subfield code="d">1938-</subfield>
            <subfield code="0">(NO-TrBIB)90172061</subfield>
        </datafield>
        <datafield tag="700" ind1="1" ind2=" ">
            <subfield code="a">Dahl, Tor Edvin</subfield>
            <subfield code="d">1943-</subfield>
            <subfield code="0">(NO-TrBIB)90053783</subfield>
        </datafield>
        <datafield tag="700" ind1="1" ind2=" ">
            <subfield code="a">Folgerød, Ingebjørg</subfield>
            <subfield code="0">(NO-TrBIB)4023419</subfield>
        </datafield>
        <datafield tag="700" ind1="1" ind2=" ">
            <subfield code="a">Fossum, Karin</subfield>
            <subfield code="d">1954-</subfield>
            <subfield code="0">(NO-TrBIB)90608300</subfield>
            <subfield code="1">http://viaf.org/viaf/120627630</subfield>
            <subfield code="4">http://rdaregistry.info/Elements/w/object/P10061</subfield>
            <subfield code="8">1</subfield>
        </datafield>
        <datafield tag="700" ind1="1" ind2="2">
            <subfield code="a">Fossum, Karin</subfield>
            <subfield code="d">1954-</subfield>
            <subfield code="k">Novelle</subfield>
            <subfield code="t">I det blå lyset</subfield>
            <subfield code="0">(NO-TrBIB)90608300</subfield>
            <subfield code="1">http://viaf.org/viaf/120627630/idetblålyset</subfield>
            <subfield code="8">1</subfield>
        </datafield>
        <datafield tag="700" ind1="1" ind2=" ">
            <subfield code="a">Henriksen, Ginni Schulstock</subfield>
            <subfield code="e">red.</subfield>
            <subfield code="0">(NO-TrBIB)90869425</subfield>
            <subfield code="1">http://viaf.org/viaf/305058383</subfield>
            <subfield code="4">http://rdaregistry.info/Elements/w/object/P10393</subfield>
            <subfield code="8">0</subfield>
        </datafield>
        <datafield tag="700" ind1="1" ind2=" ">
            <subfield code="a">Lindell, Unni</subfield>
            <subfield code="d">1957-</subfield>
            <subfield code="e">medarb.</subfield>
            <subfield code="0">(NO-TrBIB)90214573</subfield>
        </datafield>
        <datafield tag="700" ind1="1" ind2=" ">
            <subfield code="a">Lyngar, Mona</subfield>
            <subfield code="d">1944-</subfield>
            <subfield code="0">(NO-TrBIB)90080625</subfield>
        </datafield>
        <datafield tag="700" ind1="1" ind2=" ">
            <subfield code="a">Macker, Richard</subfield>
            <subfield code="d">1936-2024</subfield>
            <subfield code="0">(NO-TrBIB)90132305</subfield>
        </datafield>
        <datafield tag="700" ind1="1" ind2=" ">
            <subfield code="a">Ragde, Anne B.</subfield>
            <subfield code="d">1957-</subfield>
            <subfield code="0">(NO-TrBIB)90097114</subfield>
        </datafield>
        <datafield tag="700" ind1="1" ind2=" ">
            <subfield code="a">Rodar, Lijane</subfield>
            <subfield code="0">(NO-TrBIB)4023420</subfield>
        </datafield>
        <datafield tag="700" ind1="1" ind2=" ">
            <subfield code="a">Skagen, Fredrik</subfield>
            <subfield code="d">1936-2017</subfield>
            <subfield code="0">(NO-TrBIB)90067553</subfield>
        </datafield>
        <datafield tag="700" ind1="1" ind2=" ">
            <subfield code="a">Småge, Kim</subfield>
            <subfield code="d">1945-</subfield>
            <subfield code="0">(NO-TrBIB)90084859</subfield>
        </datafield>
        <datafield tag="700" ind1="1" ind2=" ">
            <subfield code="a">Staalesen, Gunnar</subfield>
            <subfield code="d">1947-</subfield>
            <subfield code="0">(NO-TrBIB)90087965</subfield>
        </datafield>
    </record>