
    <!-- Sov i ro (lydbok) -->
    <record>
        <leader>01266cim a2200325 c 4500</leader>
        <controlfield tag="001">990415974004702202</controlfield>
        <controlfield tag="005">20110826164444.0</controlfield>
        <controlfield tag="007">sd f||||||||||</controlfield>
        <controlfield tag="008">110826s2004    xx#|||| ||||||||||||nob| </controlfield>
        <datafield tag="020" ind1=" " ind2=" ">
            <subfield code="a">8242115311</subfield>
        </datafield>
        <!--<datafield tag="100" ind1="1" ind2=" ">
            <subfield code="a">Lindell, Unni</subfield>
            <subfield code="d">1957-</subfield>
            <subfield code="0">(NO-TrBIB)90214573</subfield>
        </datafield>-->
        <datafield tag="240" ind1="1" ind2="0">
            <subfield code="a">Utvalgte krimnoveller</subfield>
            <subfield code="k">Novellesamling</subfield>
            <subfield code="1">http://example.org/soviromåttefandentadeg</subfield>
        </datafield>
        <datafield tag="245" ind1="1" ind2="0">
            <subfield code="a">Sov i ro</subfield>
            <subfield code="c">Unni Lindell ; lest av Nils Nordberg. Måtte Fanden ta deg!/ Karin Fossum ; lest av Gisken Armand</subfield>
            <subfield code="h">[lydopptak]</subfield>
        </datafield>
        <datafield tag="260" ind1=" " ind2=" ">
            <subfield code="a">[Melhus]</subfield>
            <subfield code="b">Lydbokforl.</subfield>
            <subfield code="c">2004</subfield>
        </datafield>
        <datafield tag="300" ind1=" " ind2=" ">
            <subfield code="a">1 plate (CD)(1 t, 12 min)</subfield>
            <subfield code="b">digital</subfield>
        </datafield>
        <datafield tag="336" ind1=" " ind2=" ">
            <subfield code="a">spoken word</subfield>
            <subfield code="0">http://rdaregistry.info/termList/RDAContentType/1013</subfield>
        </datafield>
        <datafield tag="337" ind1=" " ind2=" ">
            <subfield code="a">audio</subfield>
            <subfield code="0">http://rdaregistry.info/termList/RDAMediaType/1001</subfield>
        </datafield>
        <datafield tag="338" ind1=" " ind2=" ">
            <subfield code="a">audio disc</subfield>
            <subfield code="0">http://rdaregistry.info/termList/RDACarrierType/1004</subfield>
        </datafield>
        <datafield tag="500" ind1=" " ind2=" ">
            <subfield code="a">Bilag til: KK, 2004 nr 26</subfield>
        </datafield>
        <datafield tag="500" ind1=" " ind2=" ">
            <subfield code="a">Tittel på emballasjen: Utvalgte krimnoveller</subfield>
        </datafield>
        <datafield tag="700" ind1="1" ind2=" ">
            <subfield code="a">Nordberg, Nils</subfield>
            <subfield code="d">1942-</subfield>
            <subfield code="0">(NO-TrBIB)90174225</subfield>
            <subfield code="1">http://bare.no/90174225</subfield>
            <subfield code="4">http://rdaregistry.info/Elements/e/object/P20022</subfield>
            <subfield code="8">1</subfield>
        </datafield>
        <datafield tag="700" ind1="1" ind2="0">
            <subfield code="a">Lindell, Unni</subfield>
            <subfield code="d">1957-</subfield>
            <subfield code="0">(NO-TrBIB)90214573</subfield>
            <subfield code="1">http://bare.no/90214573</subfield>
            <subfield code="4">http://rdaregistry.info/Elements/w/object/P10061</subfield>
            <subfield code="8">1</subfield>
        </datafield>
        <datafield tag="700" ind1="1" ind2="2">
            <subfield code="a">Lindell, Unni</subfield>
            <subfield code="d">1957-</subfield>
            <subfield code="t">Sov i ro</subfield>
            <subfield code="0">http://bare.no/90214573/soviro</subfield>
            <subfield code="8">1</subfield>
        </datafield>
        <datafield tag="700" ind1="1" ind2=" ">
            <subfield code="a">Armand, Gisken</subfield>
            <subfield code="d">1962-</subfield>
            <subfield code="0">(NO-TrBIB)98012201</subfield>
            <subfield code="1">http://bare.no/98012201</subfield>
            <subfield code="4">http://rdaregistry.info/Elements/e/object/P20022</subfield>
            <subfield code="8">2</subfield>
        </datafield>
        <datafield tag="700" ind1="1" ind2=" ">
            <subfield code="a">Fossum, Karin</subfield>
            <subfield code="d">1954-</subfield>
            <subfield code="0">(NO-TrBIB)90608300</subfield>
            <subfield code="1">http://viaf.org/viaf/120627630</subfield>
            <subfield code="4">http://rdaregistry.info/Elements/w/object/P10061</subfield>
            <subfield code="8">2</subfield>
        </datafield>
        <datafield tag="700" ind1="1" ind2="2">
            <subfield code="a">Fossum, Karin</subfield>
            <subfield code="d">1954-</subfield>
            <subfield code="t">Måtte fanden ta deg!</subfield>
            <subfield code="0">(NO-TrBIB)90608300</subfield>
            <subfield code="1">http://viaf.org/viaf/120627630/måttefandentadeg</subfield>
            <subfield code="8">2</subfield>
        </datafield>
        <datafield tag="740" ind1="0" ind2=" ">
            <subfield code="a">Utvalgte krimnoveller</subfield>
        </datafield>
    </record>