
    <!-- Noveller i utvalg (bok) -->
    <record>
        <leader>02284cam a2200529 c 4500</leader>
        <controlfield tag="001">990422880294702202</controlfield>
        <controlfield tag="005">20230308122656.0</controlfield>
        <controlfield tag="007">cr||||||||||||</controlfield>
        <controlfield tag="007">ta</controlfield>
        <controlfield tag="008">150901s2004    no#||||| |||||000|j|nob| </controlfield>
        <datafield tag="020" ind1=" " ind2=" ">
            <subfield code="a">8202243211</subfield>
            <subfield code="q">h.</subfield>
            <subfield code="c">Nkr 249.00</subfield>
        </datafield>
        <!--<datafield tag="100" ind1="1" ind2=" ">
            <subfield code="a">Fossum, Karin</subfield>
            <subfield code="d">1954-</subfield>
            <subfield code="0">(NO-TrBIB)90608300</subfield>
            <subfield code="1">http://viaf.org/viaf/120627630</subfield>
            <subfield code="4">http://rdaregistry.info/Elements/w/object/P10061</subfield>
        </datafield>-->
        <datafield tag="130" ind1="0" ind2="1">
            <subfield code="a">Noveller i utvalg</subfield>
            <subfield code="k">Noveller</subfield>
            <subfield code="1">http://viaf.org/viaf/120627630/novelleriutvalg</subfield>
        </datafield>
        <datafield tag="245" ind1="1" ind2="0">
            <subfield code="a">Noveller i utvalg</subfield>
            <subfield code="c">Karin Fossum</subfield>
        </datafield>
        <datafield tag="260" ind1=" " ind2=" ">
            <subfield code="a">[Oslo]</subfield>
            <subfield code="b">Cappelen</subfield>
            <subfield code="c">2004</subfield>
        </datafield>
        <datafield tag="300" ind1=" " ind2=" ">
            <subfield code="a">151 s.</subfield>
        </datafield>
        <datafield tag="336" ind1=" " ind2=" ">
            <subfield code="a">tekst</subfield>
            <subfield code="0">http://rdaregistry.info/termList/RDAContentType/1020</subfield>
            <subfield code="2">rdaco</subfield>
        </datafield>
        <datafield tag="337" ind1=" " ind2=" ">
            <subfield code="a">uformidlet</subfield>
            <subfield code="0">http://rdaregistry.info/termList/RDAMediaType/1007</subfield>
            <subfield code="2">rdamt</subfield>
        </datafield>
        <datafield tag="338" ind1=" " ind2=" ">
            <subfield code="a">bind</subfield>
            <subfield code="0">http://rdaregistry.info/termList/RDACarrierType/1049</subfield>
            <subfield code="2">rdact</subfield>
        </datafield>
        <datafield tag="500" ind1=" " ind2=" ">
            <subfield code="a">Hentet fra samlingene I et annet lys og Søylen, henholdsvis 1992 og 1994</subfield>
        </datafield>
        <datafield tag="533" ind1=" " ind2=" ">
            <subfield code="a">Elektronisk reproduksjon</subfield>
            <subfield code="b">[Norge]</subfield>
            <subfield code="c">Nasjonalbiblioteket Digital</subfield>
            <subfield code="d">2014-05-19</subfield>
        </datafield>
        <datafield tag="505" ind1=" " ind2=" ">
            <subfield code="a">Det vidunderlive livet -- Grisehalen -- Guds ytterste nåde -- I et annet lys -- 
                               I virvelens makt -- Ingen ting varer for bestandig -- Ingevald og jeg -- Insektet -- 
                               Nancy -- Signaler -- Sytten minus -- Sønnesønnen -- Søylen -- Utenfor synsfeltet</subfield>
        </datafield>
        <datafield tag="700" ind1="1" ind2="2">
            <subfield code="a">Fossum, Karin</subfield>
            <subfield code="d">1954-</subfield>
            <subfield code="t">Det vidunderlige livet</subfield>
            <subfield code="1">http://viaf.org/viaf/120627630/ietannetlys/detvidunderligelivet</subfield>
        </datafield>
        <datafield tag="700" ind1="1" ind2="2">
            <subfield code="a">Fossum, Karin</subfield>
            <subfield code="d">1954-</subfield>
            <subfield code="t">Grisehalen</subfield>
            <subfield code="1">http://viaf.org/viaf/120627630/søylen/grisehalen</subfield>
        </datafield>
        <datafield tag="700" ind1="1" ind2="2">
            <subfield code="a">Fossum, Karin</subfield>
            <subfield code="d">1954-</subfield>
            <subfield code="t">Guds ytterste nåde</subfield>
            <subfield code="1">http://viaf.org/viaf/120627630/ietannetlys/gudsytterstenåde</subfield>
        </datafield>
        <datafield tag="700" ind1="1" ind2="2">
            <subfield code="a">Fossum, Karin</subfield>
            <subfield code="d">1954-</subfield>
            <subfield code="t">I et annet lys</subfield>
            <subfield code="1">http://viaf.org/viaf/120627630/ietannetlys/ietannetlys</subfield>
        </datafield>
        <datafield tag="700" ind1="1" ind2="2">
            <subfield code="a">Fossum, Karin</subfield>
            <subfield code="d">1954-</subfield>
            <subfield code="t">I virvelens makt</subfield>
            <subfield code="1">http://viaf.org/viaf/120627630/ietannetlys/ivirvelensmakt</subfield>
        </datafield>
        <datafield tag="700" ind1="1" ind2="2">
            <subfield code="a">Fossum, Karin</subfield>
            <subfield code="d">1954-</subfield>
            <subfield code="t">Ingen ting varer for bestandig</subfield>
            <subfield code="1">http://viaf.org/viaf/120627630/søylen/ingentingvarerforbestandig</subfield>
        </datafield>
        <datafield tag="700" ind1="1" ind2="2">
            <subfield code="a">Fossum, Karin</subfield>
            <subfield code="d">1954-</subfield>
            <subfield code="t">Ingevald og jeg</subfield>
            <subfield code="1">http://viaf.org/viaf/120627630/søylen/ingebaldogjeg</subfield>
        </datafield>
        <datafield tag="700" ind1="1" ind2="2">
            <subfield code="a">Fossum, Karin</subfield>
            <subfield code="d">1954-</subfield>
            <subfield code="t">Insektet</subfield>
            <subfield code="1">http://viaf.org/viaf/120627630/søylen/insektet</subfield>
        </datafield>
        <datafield tag="700" ind1="1" ind2="2">
            <subfield code="a">Fossum, Karin</subfield>
            <subfield code="d">1954-</subfield>
            <subfield code="t">Nancy</subfield>
            <subfield code="1">http://viaf.org/viaf/120627630/søylen/nancy</subfield>
        </datafield>
        <datafield tag="700" ind1="1" ind2="2">
            <subfield code="a">Fossum, Karin</subfield>
            <subfield code="d">1954-</subfield>
            <subfield code="t">Signaler</subfield>
            <subfield code="1">http://viaf.org/viaf/120627630/ietannetlys/signaler</subfield>
        </datafield>
        <datafield tag="700" ind1="1" ind2="2">
            <subfield code="a">Fossum, Karin</subfield>
            <subfield code="d">1954-</subfield>
            <subfield code="t">Sytten minus</subfield>
            <subfield code="1">http://viaf.org/viaf/120627630/søylen/syttenminus</subfield>
        </datafield>
        <datafield tag="700" ind1="1" ind2="2">
            <subfield code="a">Fossum, Karin</subfield>
            <subfield code="d">1954-</subfield>
            <subfield code="t">Sønnesønnen</subfield>
            <subfield code="1">http://viaf.org/viaf/120627630/søylen/sønnesønnen</subfield>
        </datafield>
        <datafield tag="700" ind1="1" ind2="2">
            <subfield code="a">Fossum, Karin</subfield>
            <subfield code="d">1954-</subfield>
            <subfield code="t">Søylen</subfield>
            <subfield code="1">http://viaf.org/viaf/120627630/søylen/søylen</subfield>
        </datafield>
        <datafield tag="700" ind1="1" ind2="2">
            <subfield code="a">Fossum, Karin</subfield>
            <subfield code="d">1954-</subfield>
            <subfield code="t">Utenfor synsfeltet</subfield>
            <subfield code="1">http://viaf.org/viaf/120627630/ietannetlys/utenforsynsfeltet</subfield>
        </datafield>
        <!--
        <datafield tag="700" ind1="1" ind2="2">
            <subfield code="a">Fossum, Karin</subfield>
            <subfield code="d">1954-</subfield>
            <subfield code="t">En gnist i mørket</subfield>
            <subfield code="1">http://viaf.org/viaf/120627630/ietannetlys/engnistimørket</subfield>
        </datafield>
        <datafield tag="700" ind1="1" ind2="2">
            <subfield code="a">Fossum, Karin</subfield>
            <subfield code="d">1954-</subfield>
            <subfield code="t">Jentungen</subfield>
            <subfield code="1">http://viaf.org/viaf/120627630/søylen/jentungen</subfield>
        </datafield>
        <datafield tag="700" ind1="1" ind2="2">
            <subfield code="a">Fossum, Karin</subfield>
            <subfield code="d">1954-</subfield>
            <subfield code="t">Vi som skal styre verden</subfield>
            <subfield code="1">http://viaf.org/viaf/120627630/søylen/visomskalstyreverden</subfield>
        </datafield>-->
    </record>