
    <!-- I et annet lys -->
    <record>
        <leader>02122cam a2200529 c 4500</leader>
        <controlfield tag="001">999214155834702202</controlfield>
        <controlfield tag="005">20231202055436.0</controlfield>
        <controlfield tag="007">cr||||||||||||</controlfield>
        <controlfield tag="007">ta</controlfield>
        <controlfield tag="008">141120s1992    no#||||| |||||000|1|nob|d</controlfield>
        <datafield tag="020" ind1=" " ind2=" ">
            <subfield code="a">8202137276</subfield>
            <subfield code="q">ib.</subfield>
            <subfield code="c">Nkr 198.00</subfield>
        </datafield>
        <datafield tag="100" ind1="1" ind2=" ">
            <subfield code="a">Fossum, Karin</subfield>
            <subfield code="d">1954-</subfield>
            <subfield code="0">(NO-TrBIB)90608300</subfield>
            <subfield code="1">http://viaf.org/viaf/120627630</subfield>
            <subfield code="4">http://rdaregistry.info/Elements/w/object/P10061</subfield>
        </datafield>
        <datafield tag="240" ind1="1" ind2="1">
            <subfield code="a">I et annet lys</subfield>
            <subfield code="k">Novellesamling</subfield>
            <subfield code="1">http://viaf.org/viaf/120627630/ietannetlys</subfield>
        </datafield>
        <datafield tag="245" ind1="1" ind2="0">
            <subfield code="a">I et annet lys :</subfield>
            <subfield code="b">noveller</subfield>
            <subfield code="c">Karin Fossum</subfield>
        </datafield>
        <datafield tag="260" ind1=" " ind2=" ">
            <subfield code="a">[Oslo]</subfield>
            <subfield code="b">Cappelen</subfield>
            <subfield code="c">1992</subfield>
        </datafield>
        <datafield tag="300" ind1=" " ind2=" ">
            <subfield code="a">105 s.</subfield>
            <subfield code="c">22 cm</subfield>
        </datafield>
        <datafield tag="336" ind1=" " ind2=" ">
            <subfield code="a">tekst</subfield>
            <subfield code="0">http://rdaregistry.info/termList/RDAContentType/1020</subfield>
            <subfield code="2">rdaco</subfield>
        </datafield>
        <datafield tag="337" ind1=" " ind2=" ">
            <subfield code="a">uformidlet</subfield>
            <subfield code="0">http://rdaregistry.info/termList/RDAMediaType/1007</subfield>
            <subfield code="2">rdamt</subfield>
        </datafield>
        <datafield tag="338" ind1=" " ind2=" ">
            <subfield code="a">bind</subfield>
            <subfield code="0">http://rdaregistry.info/termList/RDACarrierType/1049</subfield>
            <subfield code="2">rdact</subfield>
        </datafield>
        <datafield tag="505" ind1=" " ind2=" ">
            <subfield code="a">Det vidunderlige livet -- En gnist i mørket -- Guds ytterste nåde -- I et annet lys -- I virvelens makt -- Signaler -- Utenfor synsfeltet</subfield>
        </datafield>
        <datafield tag="533" ind1=" " ind2=" ">
            <subfield code="a">Elektronisk reproduksjon</subfield>
            <subfield code="b">[Norge]</subfield>
            <subfield code="c">Nasjonalbiblioteket Digital</subfield>
            <subfield code="d">2007-09-17</subfield>
        </datafield>
        <datafield tag="653" ind1=" " ind2=" ">
            <subfield code="a">skjønnlitteratur/voksen</subfield>
        </datafield>
        <datafield tag="700" ind1="1" ind2="2">
            <subfield code="a">Fossum, Karin</subfield>
            <subfield code="d">1954-</subfield>
            <subfield code="k">Novelle</subfield>
            <subfield code="t">Det vidunderlige livet</subfield>
            <subfield code="1">http://viaf.org/viaf/120627630/ietannetlys/detvidunderligelivet</subfield>
        </datafield>
        <datafield tag="700" ind1="1" ind2="2">
            <subfield code="a">Fossum, Karin</subfield>
            <subfield code="d">1954-</subfield>
            <subfield code="k">Novelle</subfield>
            <subfield code="t">En gnist i mørket</subfield>
            <subfield code="1">http://viaf.org/viaf/120627630/ietannetlys/engnistimørket</subfield>
        </datafield>
        <datafield tag="700" ind1="1" ind2="2">
            <subfield code="a">Fossum, Karin</subfield>
            <subfield code="d">1954-</subfield>
            <subfield code="k">Novelle</subfield>
            <subfield code="t">Guds ytterste nåde</subfield>
            <subfield code="1">http://viaf.org/viaf/120627630/ietannetlys/gudsytterstenåde</subfield>
        </datafield>
        <datafield tag="700" ind1="1" ind2="2">
            <subfield code="a">Fossum, Karin</subfield>
            <subfield code="d">1954-</subfield>
            <subfield code="k">Novelle</subfield>
            <subfield code="t">I et annet lys</subfield>
            <subfield code="1">http://viaf.org/viaf/120627630/ietannetlys/ietannetlys</subfield>
        </datafield>
        <datafield tag="700" ind1="1" ind2="2">
            <subfield code="a">Fossum, Karin</subfield>
            <subfield code="d">1954-</subfield>
            <subfield code="k">Novelle</subfield>
            <subfield code="t">I virvelens makt</subfield>
            <subfield code="1">http://viaf.org/viaf/120627630/ietannetlys/ivirvelensmakt</subfield>
        </datafield>
        <datafield tag="700" ind1="1" ind2="2">
            <subfield code="a">Fossum, Karin</subfield>
            <subfield code="d">1954-</subfield>
            <subfield code="k">Novelle</subfield>
            <subfield code="t">Signaler</subfield>
            <subfield code="1">http://viaf.org/viaf/120627630/ietannetlys/signaler</subfield>
        </datafield>
        <datafield tag="700" ind1="1" ind2="2">
            <subfield code="a">Fossum, Karin</subfield>
            <subfield code="d">1954-</subfield>
            <subfield code="k">Novelle</subfield>
            <subfield code="t">Utenfor synsfeltet</subfield>
            <subfield code="1">http://viaf.org/viaf/120627630/ietannetlys/utenforsynsfeltet</subfield>
        </datafield>
    </record>