
    <!-- Noveller -->
    <record>
        <leader>01911cam a2200481 c 4500</leader>
        <controlfield tag="001">999431948904702202</controlfield>
        <controlfield tag="005">20230331101658.0</controlfield>
        <controlfield tag="007">cr||||||||||||</controlfield>
        <controlfield tag="007">ta</controlfield>
        <controlfield tag="008">140315s1994    no#||||| |||||000|1|nob| </controlfield>
        <datafield tag="020" ind1=" " ind2=" ">
            <subfield code="a">8202152259</subfield>
            <subfield code="q">h.</subfield>
        </datafield>
        <datafield tag="130" ind1="0" ind2="0">
            <subfield code="a">Noveller</subfield>
            <subfield code="k">Novellesamling</subfield>
            <subfield code="1">http://example.org/8202152259</subfield>
        </datafield>
        <datafield tag="245" ind1="0" ind2="0">
            <subfield code="a">Noveller</subfield>
        </datafield>
        <datafield tag="260" ind1=" " ind2=" ">
            <subfield code="a">[Oslo]</subfield>
            <subfield code="b">Cappelen</subfield>
            <subfield code="c">1994</subfield>
        </datafield>
        <datafield tag="300" ind1=" " ind2=" ">
            <subfield code="a">69 s.</subfield>
            <subfield code="b">ill.</subfield>
        </datafield>
        <datafield tag="336" ind1=" " ind2=" ">
            <subfield code="a">tekst</subfield>
            <subfield code="0">http://rdaregistry.info/termList/RDAContentType/1020</subfield>
            <subfield code="2">rdaco</subfield>
        </datafield>
        <datafield tag="337" ind1=" " ind2=" ">
            <subfield code="a">uformidlet</subfield>
            <subfield code="0">http://rdaregistry.info/termList/RDAMediaType/1007</subfield>
            <subfield code="2">rdamt</subfield>
        </datafield>
        <datafield tag="338" ind1=" " ind2=" ">
            <subfield code="a">bind</subfield>
            <subfield code="0">http://rdaregistry.info/termList/RDACarrierType/1049</subfield>
            <subfield code="2">rdact</subfield>
        </datafield>
        <datafield tag="505" ind1="0" ind2=" ">
            <subfield code="a">Skallene / Ingvar Ambjørnsen. Søylen / Karin Fossum. Fødselen / Nils Horvei. Oversettelsen / Roy Jacobsen</subfield>
        </datafield>
        <datafield tag="533" ind1=" " ind2=" ">
            <subfield code="a">Elektronisk reproduksjon</subfield>
            <subfield code="b">[Norge]</subfield>
            <subfield code="c">Nasjonalbiblioteket Digital</subfield>
            <subfield code="d">2015-11-05</subfield>
        </datafield>
        <datafield tag="700" ind1="1" ind2="2">
            <subfield code="a">Ambjørnsen, Ingvar</subfield>
            <subfield code="d">1956-</subfield>
            <subfield code="t">Skallene</subfield>
            <subfield code="0">(NO-TrBIB)90091643</subfield>
        </datafield>
        <datafield tag="700" ind1="1" ind2="2">
            <subfield code="a">Fossum, Karin</subfield>
            <subfield code="d">1954-</subfield>
            <subfield code="t">Søylen</subfield>
            <subfield code="1">http://viaf.org/viaf/120627630/søylen/søylen</subfield>
        </datafield>
        <!--<datafield tag="700" ind1="1" ind2="2">
            <subfield code="a">Fossum, Karin</subfield>
            <subfield code="d">1954-</subfield>
            <subfield code="t">Søylen</subfield>
            <subfield code="0">(NO-TrBIB)90608300</subfield>
        </datafield>-->
        <datafield tag="700" ind1="1" ind2="2">
            <subfield code="a">Horvei, Nils</subfield>
            <subfield code="d">1956-</subfield>
            <subfield code="t">Fødselen</subfield>
            <subfield code="0">(NO-TrBIB)90396484</subfield>
        </datafield>
        <datafield tag="700" ind1="1" ind2="2">
            <subfield code="a">Jacobsen, Roy</subfield>
            <subfield code="d">1954-</subfield>
            <subfield code="t">Oversettelsen</subfield>
            <subfield code="0">(NO-TrBIB)90114443</subfield>
        </datafield>
    </record>
</collection>
